<record><leader>00000cas a22000007a 4500</leader><controlfield tag="001">9298122</controlfield><controlfield tag="008">830310d18931901iauwr ne      0   a0eng d</controlfield><datafield ind1=" " ind2=" " tag="010"><subfield code="a">sn 83025175 </subfield></datafield><datafield ind1=" " ind2=" " tag="040"><subfield code="a">NPV</subfield><subfield code="b">eng</subfield><subfield code="c">NPV</subfield><subfield code="d">INP</subfield><subfield code="d">NVF</subfield><subfield code="d">OCLCQ</subfield></datafield><datafield ind1=" " ind2=" " tag="042"><subfield code="a">msc</subfield></datafield><datafield ind1=" " ind2=" " tag="043"><subfield code="a">n-us-ia</subfield></datafield><datafield ind1=" " ind2=" " tag="045"><subfield code="a">w9x0</subfield></datafield><datafield ind1=" " ind2=" " tag="052"><subfield code="a">4153</subfield><subfield code="b">B7</subfield></datafield><datafield ind1="0" ind2=" " tag="130"><subfield code="a">Farmer's advocate (Independence, Iowa)</subfield></datafield><datafield ind1="1" ind2="4" tag="245"><subfield code="a">The farmer's advocate.</subfield></datafield><datafield ind1=" " ind2=" " tag="260"><subfield code="a">Independence, Iowa :</subfield><subfield code="b">L.H. Weller</subfield></datafield><datafield ind1=" " ind2=" " tag="300"><subfield code="a">v. :</subfield><subfield code="b">ill. (chiefly adv.)</subfield></datafield><datafield ind1=" " ind2=" " tag="310"><subfield code="a">Weekly</subfield></datafield><datafield ind1="1" ind2=" " tag="362"><subfield code="a">Began in 1893? Ceased in 1901?</subfield><subfield code="z">Cf. Bibl. of Iowa newspapers, 1836-1976.</subfield></datafield><datafield ind1=" " ind2=" " tag="500"><subfield code="a">"Labor." Cf. bibliography of Iowa newspapers, 1836-1901.</subfield></datafield><datafield ind1=" " ind2=" " tag="588"><subfield code="a">Description based on: Vol. 15, no. 8 (Dec. 28, 1893).</subfield></datafield><datafield ind1=" " ind2=" " tag="752"><subfield code="a">United States</subfield><subfield code="b">Iowa</subfield><subfield code="c">Buchanan</subfield><subfield code="d">Independence.</subfield></datafield><datafield ind1="0" ind2="0" tag="780"><subfield code="t">Farmer's alliance</subfield><subfield code="w">(DLC)sn 83025174</subfield></datafield></record>